<?xml version="1.0" encoding="UTF-8"?><record xmlns="http://www.loc.gov/MARC21/slim" xmlns:cinclude="http://apache.org/cocoon/include/1.0" xmlns:zs="http://www.loc.gov/zing/srw/">
  <leader>00589nz  a2200145n  4500</leader>
  <controlfield tag="001">no2007022948</controlfield>
  <controlfield tag="003">DLC</controlfield>
  <controlfield tag="005">20070303075044.0</controlfield>
  <controlfield tag="008">070301n| acannaabn          |a aaa     c</controlfield>
  <datafield tag="010" ind1=" " ind2=" ">
    <subfield code="a">no2007022948</subfield>
  </datafield>
  <datafield tag="035" ind1=" " ind2=" ">
    <subfield code="a">(OCoLC)oca07341343</subfield>
  </datafield>
  <datafield tag="040" ind1=" " ind2=" ">
    <subfield code="a">SG-SiILA</subfield>
    <subfield code="b">eng</subfield>
    <subfield code="c">SG-SiILA</subfield>
  </datafield>
  <datafield tag="100" ind1="1" ind2=" ">
    <subfield code="a">Ān̲aimukan̲, Ce.</subfield>
  </datafield>
  <datafield tag="400" ind1="1" ind2=" ">
    <subfield code="a">Ahnaimugan, S.</subfield>
  </datafield>
  <datafield tag="670" ind1=" " ind2=" ">
    <subfield code="a">Makappēr̲um makaḷir maruttuvamum, 2003:</subfield>
    <subfield code="b">t.p. (Ce. Ān̲aimukan̲, M.B.B.S., Dip. Obst., F.R.C.O.G., F.R.A.N.Z.C.O.G.) p. 4 of cover (b. Sri Lanka; specialised in obstetrics &amp; gynaecology, Palmerston North Hospital, New Zealand; currently retd.)</subfield>
  </datafield>
</record>